/Users/daniel/thesis/main.bib